<?xml version="1.0" encoding="UTF-8"?><collection xmlns="http://www.loc.gov/MARC21/slim"><record><leader>00591nam--2200181-u-4500</leader><controlfield tag="001">000053028</controlfield><controlfield tag="002">20161230</controlfield><controlfield tag="005">20161230201050</controlfield><controlfield tag="008">110103s1000------------r-----000-0-eng-d</controlfield><datafield ind1=" " ind2=" " tag="040"><subfield code="a">IFIN-HH</subfield></datafield><datafield ind1=" " ind2=" " tag="080"><subfield code="a">537:538</subfield></datafield><datafield ind1="1" ind2=" " tag="100"><subfield code="a">Banciu, Marian Gabriel</subfield></datafield><datafield ind1="1" ind2="0" tag="245"><subfield code="a">Investigation of the microwave field of resonant structures</subfield><subfield code="b">(investigarea campului de microunde in structuri rezonante) teza</subfield><subfield code="c">Marian gabriel banciu</subfield></datafield><datafield ind1=" " ind2=" " tag="260"><subfield code="a">Bucuresti</subfield><subfield code="b">Ifa</subfield><subfield code="c">2003</subfield></datafield><datafield ind1=" " ind2=" " tag="300"><subfield code="a">195P</subfield></datafield><datafield ind1=" " ind2=" " tag="502"><subfield code="a">Scientific Supervisor: Prof.Dr. George Filloti</subfield></datafield><datafield ind1=" " ind2=" " tag="852"><subfield code="a">81336</subfield><subfield code="c">537:538</subfield></datafield><datafield ind1=" " ind2=" " tag="CAT"><subfield code="a">Sys</subfield><subfield code="c">20110705</subfield><subfield code="h">111313</subfield></datafield></record></collection>